@article{erlicher2002analysis,
  title={The analysis of the generalized-$\alpha$ method for non-linear dynamic problems},
  author={Erlicher, Silvano and Bonaventura, Luca and Bursi, Oreste S},
  journal={Computational mechanics},
  volume={28},
  number={2},
  pages={83--104},
  year={2002},
  publisher={Springer}
}
